@book{pacioli,
    author = "Luca Pacioli",
    title = "Summa de arithmetica, geometria, proportioni et proportionalita",
    publisher = "Paganino Paganini",
    year = "1494",
    note = "Original \url{https://books.google.com/books?id=iqgPe49fhrsC}, English translation (1994) \url{http://jeremycripps.com/docs/Summa.pdf}"
}

@book{encyclopedia-britannica,
    author = "Many contributors",
    title = "Encyclop\ae{}dia Britannica",
    publisher = "Encyclop\ae{}dia Britannica, Inc.",
    year = "1911",
    note = "\url{https://en.wikisource.org/wiki/1911_Encyclop%C3%A6dia_Britannica/Book-Keeping}",
}

@book{arithmetica,
    author = "Diophantus",
    title = "Arithmetica",
    publisher = "Original Publisher Unknown",
    year = "c. CE 250",
}

@book{ellerman-eapt,
    author = "David Ellerman",
    title = "Economics, Accounting, and Property Theory",
    publisher = "Lexington Books",
    year = "1982",
    note = "\url{http://www.ellerman.org/wp-content/uploads/2012/12/EAPT.pdf}"
}

@article{ellerman-tmt,
    author = "David Ellerman",
    title = "On Double-Entry Bookkeeping: The Mathematical Treatment",
    year = "2014",
    note = "\url{https://arxiv.org/abs/1407.1898}"
}

@article{ellerman-dema,
    author = "David Ellerman",
    title = "Double Entry Multidimensional Accounting",
    journal = "Omega",
    year = "1986",
    note = "\url{http://www.ellerman.org/wp-content/uploads/2012/12/Omega-DEB.CV_.pdf}"
}

@misc{monoids,
    author = "Pete L. Clark",
    title = "Introduction to Semigroups and Monoids",
    year = "2013",
    howpublished = "\url{http://math.uga.edu/~pete/semigroup.pdf}"
}
